<?xml version="1.0" encoding="UTF-8"?><collection xmlns="http://www.loc.gov/MARC21/slim"><record><leader>00619nam--2200169-i-4500</leader><controlfield tag="001">000029151</controlfield><controlfield tag="002">20161230</controlfield><controlfield tag="005">20161230201037</controlfield><controlfield tag="008">060222s1000------------r-----000-0-eng-d</controlfield><datafield ind1=" " ind2=" " tag="040"><subfield code="a">IFIN-HH</subfield></datafield><datafield ind1=" " ind2=" " tag="080"><subfield code="a">62(38)=590:801.323.0=590</subfield></datafield><datafield ind1="1" ind2=" " tag="100"><subfield code="a">Radulet, Remus</subfield></datafield><datafield ind1="1" ind2="0" tag="245"><subfield code="a">Lexiconul tehnic roman. vol. 4 cav-cola</subfield><subfield code="b">Elaborare noua, inntocmita prin ingrijirea asociatiei stiintifice a inginerilor si thenicienilor din rpr (asit) de un colectiv sub conducerea prof.dr.ing.remus radulet</subfield><subfield code="c">Remus radulet</subfield></datafield><datafield ind1=" " ind2=" " tag="260"><subfield code="a">Bucuresti</subfield><subfield code="b">Editura Tehnica</subfield><subfield code="c">1958</subfield></datafield><datafield ind1=" " ind2=" " tag="300"><subfield code="a">572P</subfield></datafield><datafield ind1=" " ind2=" " tag="852"><subfield code="a">D.40</subfield><subfield code="c">SDT</subfield></datafield><datafield ind1=" " ind2=" " tag="CAT"><subfield code="a">Sys</subfield><subfield code="c">20130225</subfield><subfield code="h">112958</subfield></datafield></record></collection>